<record><leader>00000cas a2200000 a 4500</leader><controlfield tag="001">10811855</controlfield><controlfield tag="008">840606d187618uuvtuwr ne      0    0eng d</controlfield><datafield ind1=" " ind2=" " tag="010"><subfield code="a">sn 84023289 </subfield></datafield><datafield ind1=" " ind2=" " tag="040"><subfield code="a">AQM</subfield><subfield code="b">eng</subfield><subfield code="c">AQM</subfield><subfield code="d">NPX</subfield><subfield code="d">MGN</subfield><subfield code="d">NVN</subfield><subfield code="d">OCLCF</subfield><subfield code="d">OCLCO</subfield></datafield><datafield ind1=" " ind2=" " tag="042"><subfield code="a">msc</subfield></datafield><datafield ind1="0" ind2="0" tag="245"><subfield code="a">Democrat and weekly sentinel.</subfield></datafield><datafield ind1="1" ind2="3" tag="246"><subfield code="a">Democrat and sentinel</subfield></datafield><datafield ind1="1" ind2="3" tag="246"><subfield code="a">Burlington democrat and weekly sentinel</subfield></datafield><datafield ind1=" " ind2=" " tag="260"><subfield code="a">Burlington, Vt. :</subfield><subfield code="b">A.N. Merchant,</subfield></datafield><datafield ind1=" " ind2=" " tag="300"><subfield code="a">v. ;</subfield><subfield code="c">69 cm.</subfield></datafield><datafield ind1=" " ind2=" " tag="310"><subfield code="a">Weekly</subfield></datafield><datafield ind1="0" ind2=" " tag="362"><subfield code="a">Vol. 76, no. 4 (Jan. 22, 1876).</subfield></datafield><datafield ind1=" " ind2="0" tag="651"><subfield code="a">Burlington (Vt.)</subfield><subfield code="v">Newspapers.</subfield></datafield><datafield ind1=" " ind2="0" tag="651"><subfield code="a">Vermont</subfield><subfield code="v">Newspapers.</subfield></datafield><datafield ind1=" " ind2="7" tag="655"><subfield code="a">Newspapers.</subfield><subfield code="2">fast</subfield><subfield code="0">(OCoLC)fst01423814</subfield></datafield><datafield ind1=" " ind2="7" tag="651"><subfield code="a">Vermont.</subfield><subfield code="2">fast</subfield><subfield code="0">(OCoLC)fst01204305</subfield></datafield><datafield ind1=" " ind2="7" tag="651"><subfield code="a">Vermont</subfield><subfield code="z">Burlington.</subfield><subfield code="2">fast</subfield><subfield code="0">(OCoLC)fst01207603</subfield></datafield><datafield ind1=" " ind2=" " tag="752"><subfield code="a">United States</subfield><subfield code="b">Vermont</subfield><subfield code="c">Chittenden</subfield><subfield code="d">Burlington.</subfield></datafield><datafield ind1="0" ind2=" " tag="775"><subfield code="t">Merchant's home visitor</subfield><subfield code="w">(DLC)sn 84023247</subfield><subfield code="w">(OCoLC)10846493</subfield></datafield><datafield ind1="0" ind2=" " tag="775"><subfield code="t">Rutland Sunday sentinel</subfield><subfield code="w">(DLC)sn 99067901</subfield><subfield code="w">(OCoLC)41927545</subfield></datafield><datafield ind1="0" ind2=" " tag="775"><subfield code="t">Grand isle County recorder</subfield><subfield code="w">(DLC)sn 84023224</subfield><subfield code="w">(OCoLC)10815976</subfield></datafield><datafield ind1="0" ind2="0" tag="780"><subfield code="t">Burlington democrat and weekly sentinel</subfield><subfield code="w">(DLC)sn 84023022</subfield><subfield code="w">(OCoLC)10689220</subfield></datafield></record>